@book{OpWill,
  title={Signals and Systems},
  author={Oppenheim, A.V. and Willsky, A.S. and Nawab, S.H.},
  isbn={9780138147570},
  lccn={96019945},
  series={Prentice-Hall signal processing series},
  url={https://books.google.com/books?id=LwQqAQAAMAAJ},
  year={1997},
  publisher={Prentice Hall}
}